latex_setup/atmo.bib